@article{next_1100,
  author = {Blanchette, Jasmin Christian and Hupel, Lars and Nipkow, Tobias and Noschinski, Lars and Traytel, Dmitriy},
  title = {Experience Report: The next 1100 Haskell Programmers},
  year = {2014},
  issue_date = {December 2014},
  publisher = {Association for Computing Machinery},
  address = {New York, NY, USA},
  volume = {49},
  number = {12},
  issn = {0362-1340},
  url = {https://doi.org/10.1145/2775050.2633359},
  doi = {10.1145/2775050.2633359},
  journal = {SIGPLAN Not.},
  month = {sep},
  pages = {25â€“30},
  numpages = {6},
}

@article{cyp_holes,
  author    = {Dennis Renz and
               Sibylle Schwarz and
               Johannes Waldmann},
  title     = {Check Your (Students') Proofs-With Holes},
  journal   = {CoRR},
  volume    = {abs/2009.01326},
  year      = {2020},
  url       = {https://arxiv.org/abs/2009.01326},
  eprinttype = {arXiv},
  eprint    = {2009.01326},
}
